@article{jayakrishnan1994faster,
  title={A faster path-based algorithm for traffic assignment},
  author={Jayakrishnan, R and Tsai, Wei T and Prashker, Joseph N and Rajadhyaksha, Subodh},
  year={1994}
}

@article{dial2006path,
	title={A path-based user-equilibrium traffic assignment algorithm that obviates path storage and enumeration},
	author={Dial, Robert B},
	journal={Transportation Research Part B: Methodological},
	volume={40},
	number={10},
	pages={917--936},
	year={2006},
	publisher={Elsevier}
}